<record><leader>00000cas a2200000 a 4500</leader><controlfield tag="001">9343553</controlfield><controlfield tag="008">830324d191u1933miuwr ne      0    0hun d</controlfield><datafield ind1=" " ind2=" " tag="010"><subfield code="a">sn 83045082 </subfield></datafield><datafield ind1=" " ind2=" " tag="040"><subfield code="a">CRL</subfield><subfield code="b">eng</subfield><subfield code="c">CRL</subfield><subfield code="d">NPW</subfield><subfield code="d">MHN</subfield><subfield code="d">CRL</subfield><subfield code="d">OCL</subfield><subfield code="d">OCLCQ</subfield><subfield code="d">OCLCF</subfield><subfield code="d">OCLCO</subfield></datafield><datafield ind1=" " ind2=" " tag="019"><subfield code="a">10005855</subfield></datafield><datafield ind1=" " ind2=" " tag="042"><subfield code="a">msc</subfield></datafield><datafield ind1=" " ind2=" " tag="043"><subfield code="a">n-us-mi</subfield></datafield><datafield ind1="0" ind2="0" tag="245"><subfield code="a">Magyar hirlap =</subfield><subfield code="b">Hungarian news.</subfield></datafield><datafield ind1="3" ind2="1" tag="246"><subfield code="a">Hungarian news</subfield></datafield><datafield ind1=" " ind2=" " tag="260"><subfield code="a">Detroit, Mich. :</subfield><subfield code="b">Fe&#769;der Antal,</subfield><subfield code="c">-1933]</subfield></datafield><datafield ind1=" " ind2=" " tag="300"><subfield code="a">v. :</subfield><subfield code="b">ill.</subfield></datafield><datafield ind1=" " ind2=" " tag="310"><subfield code="a">Weekly,</subfield><subfield code="b">Jan. 14, 1932-July 6, 1933</subfield></datafield><datafield ind1=" " ind2=" " tag="321"><subfield code="a">Weekly,</subfield><subfield code="b">&lt;Nov. 9, 1917&gt;-Dec. 5, 1919</subfield></datafield><datafield ind1=" " ind2=" " tag="321"><subfield code="a">Semiweekly,</subfield><subfield code="b">Dec. 9, 1919-Jan. 8, 1932</subfield></datafield><datafield ind1="0" ind2=" " tag="362"><subfield code="a">-20 e&#769;v, 27 sz. (1933 jul. 6.).</subfield></datafield><datafield ind1=" " ind2=" " tag="500"><subfield code="a">Datelined Detroit-Flint, Mich., June 1922-Jan. 8, 1932.</subfield></datafield><datafield ind1=" " ind2=" " tag="521"><subfield code="a">"The only Hungarian publication in the State of Michigan."</subfield></datafield><datafield ind1=" " ind2=" " tag="525"><subfield code="a">Accompanied by suppl.: He&#769;lro&#779;l he&#769;tre, Feb. 17, 1918-&lt;Aug. 1, 1919&gt;</subfield></datafield><datafield ind1=" " ind2=" " tag="546"><subfield code="a">In Hungarian.</subfield></datafield><datafield ind1=" " ind2=" " tag="580"><subfield code="a">Formed by the union of: Amerikai magyar kro&#769;nika, and: Detroiti hirlap.</subfield></datafield><datafield ind1=" " ind2=" " tag="580"><subfield code="a">"Beolvadt lapok: Amerikai magyar kro&#769;nika (Flint, Mich.), Detroiti hirlap (Detroit, Mich.)" Cf. Jan. 21, 1932-July 6, 1933 issues.</subfield></datafield><datafield ind1=" " ind2=" " tag="588"><subfield code="a">Description based on: 234. sz., 4. e&#769;v (1917. nov. 9.).</subfield></datafield><datafield ind1=" " ind2="0" tag="651"><subfield code="a">Detroit (Mich.)</subfield><subfield code="v">Newspapers.</subfield></datafield><datafield ind1=" " ind2="0" tag="651"><subfield code="a">Wayne County (Mich.)</subfield><subfield code="v">Newspapers.</subfield></datafield><datafield ind1=" " ind2="7" tag="655"><subfield code="a">Newspapers.</subfield><subfield code="2">fast</subfield><subfield code="0">(OCoLC)fst01423814</subfield></datafield><datafield ind1=" " ind2="7" tag="651"><subfield code="a">Michigan</subfield><subfield code="z">Detroit.</subfield><subfield code="2">fast</subfield><subfield code="0">(OCoLC)fst01205010</subfield></datafield><datafield ind1=" " ind2="7" tag="651"><subfield code="a">Michigan</subfield><subfield code="z">Wayne County.</subfield><subfield code="2">fast</subfield><subfield code="0">(OCoLC)fst01206628</subfield></datafield><datafield ind1="0" ind2=" " tag="740"><subfield code="a">He&#769;lro&#779;l he&#769;tre.</subfield></datafield><datafield ind1=" " ind2=" " tag="752"><subfield code="a">United States</subfield><subfield code="b">Michigan</subfield><subfield code="c">Wayne</subfield><subfield code="d">Detroit.</subfield></datafield><datafield ind1="1" ind2="4" tag="780"><subfield code="t">Amerikai magyar kro&#769;nika</subfield></datafield><datafield ind1="1" ind2="4" tag="780"><subfield code="t">Detroiti hirlap</subfield></datafield><datafield ind1="0" ind2="0" tag="785"><subfield code="t">Magyar napilap</subfield><subfield code="w">(DLC)sn 83045083</subfield><subfield code="w">(OCoLC)9509840</subfield></datafield></record>